<record><leader>02038nam a2200529oi 4500</leader><controlfield tag="001">6798733</controlfield><controlfield tag="003">CaONFJC</controlfield><controlfield tag="005">20150128103138.0</controlfield><controlfield tag="006">m        d        </controlfield><controlfield tag="007">cr||n|||||||||</controlfield><controlfield tag="008">140702s2015    enk     ob    001 0 eng d</controlfield><datafield ind1=" " ind2=" " tag="020"><subfield code="a">9781118606810</subfield><subfield code="q">(cloth)</subfield></datafield><datafield ind1=" " ind2=" " tag="020"><subfield code="a">1118606817</subfield><subfield code="q">(cloth)</subfield></datafield><datafield ind1=" " ind2=" " tag="020"><subfield code="a">9781118965115 (ePub ebook)</subfield></datafield><datafield ind1=" " ind2=" " tag="020"><subfield code="a">9781322212845 (MyiLibrary)</subfield></datafield><datafield ind1=" " ind2=" " tag="037"><subfield code="a">652564</subfield><subfield code="b">MIL</subfield></datafield><datafield ind1=" " ind2=" " tag="039"><subfield code="a">exclude</subfield></datafield><datafield ind1=" " ind2=" " tag="040"><subfield code="a">CaONFJC</subfield><subfield code="c">CaONFJC</subfield><subfield code="e">rda</subfield><subfield code="d">AEU</subfield></datafield><datafield ind1=" " ind2="4" tag="050"><subfield code="a">QP363</subfield><subfield code="b">.N48 2015eb</subfield></datafield><datafield ind1="1" ind2="0" tag="060"><subfield code="a">WL 102.5</subfield></datafield><datafield ind1="0" ind2="4" tag="082"><subfield code="a">612.8/1046</subfield><subfield code="2">23</subfield></datafield><datafield ind1=" " ind2=" " tag="090"><subfield code="a">Internet Access</subfield><subfield code="b">AEGMCT</subfield></datafield><datafield ind1=" " ind2=" " tag="091"><subfield code="a">DO NOT ADD TO THIS RECORD - PSA PROJECT</subfield></datafield><datafield ind1="0" ind2="0" tag="245"><subfield code="a">Neurophysiology of neuroendocrine neurons</subfield><subfield code="h">[electronic resource] /</subfield><subfield code="c">edited by William E. Armstrong, Jeffrey G. Tasker.</subfield></datafield><datafield ind1=" " ind2="1" tag="264"><subfield code="a">Chichester, West Sussex ;</subfield><subfield code="a">Ames, Iowa :</subfield><subfield code="b">Wiley Blackwell,</subfield><subfield code="c">2015.</subfield></datafield><datafield ind1=" " ind2=" " tag="300"><subfield code="a">1 online resource (xiii, 367 pages)</subfield></datafield><datafield ind1=" " ind2=" " tag="336"><subfield code="a">text</subfield><subfield code="b">txt</subfield><subfield code="2">rdacontent</subfield></datafield><datafield ind1=" " ind2=" " tag="337"><subfield code="a">computer</subfield><subfield code="b">c</subfield><subfield code="2">rdamedia</subfield></datafield><datafield ind1=" " ind2=" " tag="338"><subfield code="a">online resource</subfield><subfield code="b">cr</subfield><subfield code="2">rdacarrier</subfield></datafield><datafield ind1="1" ind2=" " tag="490"><subfield code="a">Masterclass in neuroendocrinology series</subfield></datafield><datafield ind1=" " ind2=" " tag="504"><subfield code="a">Includes bibliographical references and index.</subfield></datafield><datafield ind1=" " ind2=" " tag="506"><subfield code="a">Access restricted to authorized users and institutions.</subfield></datafield><datafield ind1=" " ind2=" " tag="588"><subfield code="a">Description based on print version record.</subfield></datafield><datafield ind1=" " ind2=" " tag="596"><subfield code="a">57</subfield></datafield><datafield ind1=" " ind2="0" tag="650"><subfield code="a">Neurons.</subfield></datafield><datafield ind1=" " ind2="0" tag="650"><subfield code="a">Endocrine glands.</subfield></datafield><datafield ind1=" " ind2="0" tag="650"><subfield code="a">Neurons</subfield><subfield code="x">Secretions.</subfield></datafield><datafield ind1=" " ind2="0" tag="650"><subfield code="a">Neurophysiology.</subfield></datafield><datafield ind1="1" ind2="2" tag="650"><subfield code="a">Neuroendocrine Cells</subfield><subfield code="x">physiology.</subfield></datafield><datafield ind1="1" ind2="2" tag="650"><subfield code="a">Neurons</subfield><subfield code="x">physiology.</subfield></datafield><datafield ind1="2" ind2="2" tag="650"><subfield code="a">Neurosecretory Systems</subfield><subfield code="x">physiology.</subfield></datafield><datafield ind1="1" ind2=" " tag="700"><subfield code="a">Armstrong, William E.</subfield><subfield code="q">(William Earl),</subfield><subfield code="d">1952-</subfield><subfield code="e">editor.</subfield></datafield><datafield ind1="1" ind2=" " tag="700"><subfield code="a">Tasker, Jeffrey G.,</subfield><subfield code="e">editor.</subfield></datafield><datafield ind1=" " ind2="0" tag="830"><subfield code="a">Masterclass in neuroendocrinology series</subfield></datafield><datafield ind1="4" ind2="0" tag="856"><subfield code="3">MacEwan University Access</subfield><subfield code="u">http://lib.myilibrary.com/detail.asp?ID=652564</subfield><subfield code="z">(Single User Access)</subfield></datafield><datafield ind1=" " ind2=" " tag="949"><subfield code="w">ORDER</subfield><subfield code="h">UAIN</subfield><subfield code="m">GR_MAC_INT</subfield><subfield code="z">MILGMPSA</subfield></datafield><datafield ind1=" " ind2=" " tag="926"><subfield code="a">Internet Access</subfield><subfield code="w">ORDER</subfield><subfield code="c">1</subfield><subfield code="i">6798733-1001</subfield><subfield code="l">INTERNET</subfield><subfield code="m">GR_MAC_INT</subfield><subfield code="r">Y</subfield><subfield code="s">Y</subfield><subfield code="t">E-RESOURCE</subfield><subfield code="u">2/3/2015</subfield><subfield code="x">E-BOOK</subfield><subfield code="z">MILGMPSA</subfield></datafield></record>